@article{asanache2025,
  author = {Asanache, I.},
  title = {Universal Solidarity Criterion and Modular Scour Protection: Theoretical Foundations and Design Applications},
  journal = {Patent application PCT/RO2025/050001},
  year = {2025},
  volume = {},
  number = {},
  pages = {},
  doi = {},
  url = {}
}

@article{chiew1987,
  author = {Chiew, Y. M. and Melville, B. W.},
  title = {Local scour around bridge piers},
  journal = {Journal of Hydraulic Research},
  year = {1987},
  volume = {25},
  number = {1},
  pages = {15--26},
  note = {\url{https://doi.org/10.1080/00221688709499292}}
}

@article{einstein1950,
  author = {Einstein, H. A.},
  title = {The bed-load function for sediment transportation in open channel flows},
  journal = {Technical Bulletin 1026, USDA},
  year = {1950},
  volume = {},
  number = {},
  pages = {},
  doi = {},
  url = {}
}

@book{engelund1967,
  author = {Engelund, F. and Hansen, E.},
  title = {A Monograph on Sediment Transport in Alluvial Streams},
  publisher = {Teknisk Forlag},
  year = {1967}
}

@book{hoffmans1997,
  author = {Hoffmans, G. J. C. M. and Verheij, H. J.},
  title = {Scour Manual},
  publisher = {Balkema},
  year = {1997}
}

@article{kramer1935,
  author = {Kramer, H.},
  title = {Sand movement by wind},
  journal = {Civil Engineering},
  year = {1935},
  volume = {5},
  number = {10},
  pages = {620--623},
  doi = {},
  url = {}
}

@inproceedings{meyer-peter1948,
  author = {Meyer-Peter, E. and M{\"u}ller, R.},
  title = {Formulas for bed-load transport},
  booktitle = {Proceedings of the 2nd Meeting of the International Association for Hydraulic Structures Research},
  year = {1948},
  pages = {39--64}
}

@article{shields1936,
  author = {Shields, A.},
  title = {Anwendung der {\"A}hnlichkeitsmechanik und der Turbulenzforschung auf die Geschiebebewegung},
  journal = {Mitteilungen der Preu{\ss}ischen Versuchsanstalt f{\"u}r Wasserbau und Schiffbau},
  year = {1936},
  volume = {},
  number = {Heft 26},
  pages = {},
  doi = {},
  url = {}
}

@book{soulsby1997,
  author = {Soulsby, R.},
  title = {Dynamics of marine sands: A manual for practical applications},
  publisher = {Thomas Telford Publishing},
  year = {1997}
}

@article{vanrijn1984,
  author = {van Rijn, L. C.},
  title = {Sediment transport, part I: Bed load transport},
  journal = {Journal of Hydraulic Engineering},
  year = {1984},
  volume = {110},
  number = {10},
  pages = {1431--1456},
  note = {\url{https://doi.org/10.1061/(ASCE)0733-9429(1984)110:10(1431)}}
}
